<record><leader>00000cas a22000007a 4500</leader><controlfield tag="001">17561933</controlfield><controlfield tag="008">880301d19031943iauwr ne      0    0eng d</controlfield><datafield ind1=" " ind2=" " tag="010"><subfield code="a">sn 88059504 </subfield></datafield><datafield ind1=" " ind2=" " tag="040"><subfield code="a">INP</subfield><subfield code="b">eng</subfield><subfield code="c">INP</subfield><subfield code="d">OCLCQ</subfield></datafield><datafield ind1=" " ind2=" " tag="042"><subfield code="a">msc</subfield></datafield><datafield ind1="0" ind2=" " tag="130"><subfield code="a">Doon press (Doon, Iowa : 1903)</subfield></datafield><datafield ind1="1" ind2="4" tag="245"><subfield code="a">The Doon press.</subfield></datafield><datafield ind1="1" ind2="3" tag="246"><subfield code="a">Lyon County press</subfield></datafield><datafield ind1=" " ind2=" " tag="260"><subfield code="a">Doon, Iowa :</subfield><subfield code="b">Hazlett Bros.</subfield></datafield><datafield ind1=" " ind2=" " tag="300"><subfield code="a">v.</subfield></datafield><datafield ind1=" " ind2=" " tag="310"><subfield code="a">Weekly</subfield></datafield><datafield ind1="1" ind2=" " tag="362"><subfield code="a">Issued 1903-1943.</subfield></datafield><datafield ind1=" " ind2=" " tag="500"><subfield code="a">Publisher varies.</subfield></datafield><datafield ind1=" " ind2=" " tag="515"><subfield code="a">Numbered within the year, 1903-&lt;1919&gt;.</subfield></datafield><datafield ind1=" " ind2=" " tag="588"><subfield code="a">Description based on: May 7, 1903.</subfield></datafield><datafield ind1=" " ind2=" " tag="752"><subfield code="a">United States</subfield><subfield code="b">Iowa</subfield><subfield code="c">Lyon</subfield><subfield code="d">Doon.</subfield></datafield><datafield ind1="0" ind2="0" tag="780"><subfield code="t">Lyon County press (Doon, Iowa : 1889)</subfield><subfield code="w">(DLC)sn 88059503</subfield></datafield></record>